@Article{BensonMunson2006,
  AUTHOR    = {S. Benson and T. Munson},
  TITLE     = {Flexible complementarity solvers for large-scale applications},
  JOURNAL   = {Optimization Methods and Software},
  VOLUME    = {21},
  NUMBER    = {1},
  PAGES     = {155--168},
  YEAR      = {2006},
}

@Article{Bueler2016,
  AUTHOR    = {E. Bueler},
  TITLE     = {Stable finite volume element schemes for the shallow ice
               approximation},
  JOURNAL   = {J. Glaciol.},
  VOLUME    = {62},
  NUMBER    = {232},
  PAGES     = {230--242},
  YEAR      = {2016},
}

@Book{Bueler2021,
  AUTHOR    = {E. Bueler},
  TITLE     = {{PETSc} for {P}artial {D}ifferential {E}quations: {N}umerical {S}olutions in {C} and {P}ython},
  PUBLISHER = {SIAM Press},
  ADDRESS   = {Philadelphia},
  YEAR      = {2021}
}

@Article{BuelerFarrell2024,
  author   = {E. Bueler and P. Farrell},
  title    = {A full approximation scheme multilevel method for nonlinear variational inequalities},
  journal={SIAM J. Sci. Comput.},
  volume={46},
  number={4},
  year={2024},
}

@Article{Calvoetal2003,
  AUTHOR    = {N. Calvo and J. D{\'\i}az and J. Durany and E. Schiavi and C. V{\'a}zquez},
  TITLE     = {On a doubly nonlinear parabolic obstacle problem modelling ice sheet dynamics},
  JOURNAL   = {SIAM J. Appl. Math.},
  VOLUME    = {63},
  NUMBER    = {2},
  PAGES     = {683--707},
  YEAR      = {2003},
}

@Book{Elmanetal2014,
  AUTHOR    = {H. C. Elman and D. J. Silvester and A. J. Wathen},
  TITLE     = {Finite {E}lements and {F}ast {I}terative {S}olvers: with
               {A}pplications in {I}ncompressible {F}luid {D}ynamics},
  EDITION   = {2nd},
  PUBLISHER = {Oxford University Press},
  YEAR      = {2014},
}

@Book{FacchineiPang2007,
  title={Finite-{D}imensional {V}ariational {I}nequalities and
         {C}omplementarity {P}roblems},
  author={F. Facchinei and J.-S. Pang},
  year={2007},
  publisher={Springer}
}

@Article{Gertzetal2004,
  title={A starting point strategy for nonlinear interior methods},
  author={M. Gertz and J. Nocedal and A. Sartenar},
  journal={Applied Mathematics Letters},
  volume={17},
  number={8},
  pages={945--952},
  year={2004},
}

@Book{GrivaNashSofer2009,
  AUTHOR    = {I. Griva and S. G. Nash and A. Sofer},
  TITLE     = {Linear and {N}onlinear {O}ptimization},
  EDITION   = {2nd},
  PUBLISHER = {SIAM Press},
  YEAR      = {2009},
}

@Book{KinderlehrerStampacchia1980,
  AUTHOR    = {D. Kinderlehrer and G. Stampacchia},
  TITLE     = {An {I}ntroduction to {V}ariational {I}nequalities and
               their {A}pplications},
  PUBLISHER = {Academic Press},
  ADDRESS   = {New York},
  YEAR      = {1980},
}

@Book{LeVeque2007,
  AUTHOR    = {R. J. LeVeque},
  TITLE     = {{Finite Difference Methods for Ordinary and Partial Differential
                Equations: Steady-State and Time-Dependent Problems}},
  PUBLISHER = {SIAM Press},
  ADDRESS   = {Philadelphia},
  YEAR      = {2007},
}

@Book{NocedalWright2006,
  AUTHOR    = {J. Nocedal and S. Wright},
  TITLE     = {Numerical {O}ptimization},
  EDITION   = {2nd},
  PUBLISHER = {Springer},
  ADDRESS   = {New York},
  YEAR      = {2006},
}

@article{Strang1987,
  author={Strang, G.},
  title={Karmarkarâ€™s algorithm and its place in applied mathematics},
  journal={The Mathematical Intelligencer},
  volume={9},
  number={2},
  pages={4--10},
  year={1987},
}

@Book{TrefethenBau1997,
  AUTHOR    = {L. N. Trefethen and D. Bau},
  TITLE     = {Numerical {L}inear {A}lgebra},
  PUBLISHER = {SIAM Press},
  ADDRESS   = {Philadelphia},
  YEAR      = {1997},
}

@article{YamashitaYabe1996,
  author={H. Yamashita and H. Yabe},
  title={Superlinear and quadratic convergence of some primal-dual interior point methods for constrained optimization},
  journal={Mathematical Programming},
  volume={75},
  number={3},
  pages={377--397},
  year={1996},
}

@article{ZhangTapiaDennis1992,
  author={Zhang, Yin and Tapia, Richard A and Dennis, Jr, John E},
  title={On the superlinear and quadratic convergence of primal-dual interior point linear programming algorithms},
  journal={SIAM Journal on Optimization},
  volume={2},
  number={2},
  pages={304--324},
  year={1992},
}